@online{x1,
  title   = {2022 年度中国主要城市交通分析报告},
  year    = {2023},
  author  = {高德地图},
  url     = {https://report.amap.com/share.do?id=a184b07685866c850185c2e9da200007},
  urldate = {2023-01-18},
  langid  = {中文;}
}


@online{bd,
  title   = {2022 年度中国城市交通报告},
  year    = {2023},
  author  = {百度地图},
  url     = {https://jiaotong.baidu.com/cms/reports/traffic/2022/index.html},
  urldate = {2023-03-01},
  langid  = {中文;}
}

@online{njjt,
  title   = {2022年一季度南京交通经济运行综合分析报告},
  year    = {2022},
  author  = {南京市交通运输局},
  url     = {http://jtj.nanjing.gov.cn/njsjtysj/202206/t20220610_3442578.html},
  urldate = {2022-06-10},
  langid  = {中文;}
}

@book{ycx,
  title     = {运筹学},
  author    = {《运筹学》教材编写组},
  date      = {2012},
  publisher = {{清华大学出版社}},
  location  = {{北京}},
  langid    = {中文;}
}

@article{CHIERICI200499,
title = {The demand-dependent optimization of regular train timetables},
journal = {Electronic Notes in Discrete Mathematics},
volume = {17},
pages = {99-104},
year = {2004},
issn = {1571-0653},
author = {Alessandro Chierici and Roberto Cordone and Roberto Maja},
}

@misc{nair2021solving,
      title={Solving Mixed Integer Programs Using Neural Networks}, 
      author={Vinod Nair and Sergey Bartunov and Felix Gimeno and Ingrid von Glehn and Pawel Lichocki and Ivan Lobov and Brendan O'Donoghue and Nicolas Sonnerat and Christian Tjandraatmadja and Pengming Wang and Ravichandra Addanki and Tharindi Hapuarachchi and Thomas Keck and James Keeling and Pushmeet Kohli and Ira Ktena and Yujia Li and Oriol Vinyals and Yori Zwols},
      year={2021},
      eprint={2012.13349},
      archivePrefix={arXiv},
      primaryClass={math.OC}
}


@article{8337127,
  author={Liu, Renming and Li, Shukai and Yang, Lixing and Yin, Jiateng},
  title={Energy-Efficient Subway Train Scheduling Design With Time-Dependent Demand Based on an Approximate Dynamic Programming Approach}, 
  journal={IEEE Transactions on Systems, Man, and Cybernetics: Systems}, 
  year={2020},
  volume={50},
  number={7},
  pages={2475-2490},
  }


@article{LIANG2023102845,
title = {Reducing passenger waiting time in oversaturated metro lines with passenger flow control policy},
journal = {Omega},
volume = {117},
pages = {0305-0483},
year = {2023},
author = {Jinpeng Liang and Guangzhi Zang and Haitao Liu and Jianfeng Zheng and Ziyou Gao},
}

@article{DLOD2022,
title = {Deep learning for short-term origin–destination passenger flow
prediction under partial observability in urban railway systems},
journal = {Neural Computing and Applications},
volume = {34},
pages = {4813–4830},
year = {2022},
author = {Wenhua Jiang and Zhenliang Ma and Haris N. Koutsopoulos},
}

@misc{vaswani2017attention,
      title={Attention Is All You Need}, 
      author={Ashish Vaswani and Noam Shazeer and Niki Parmar and Jakob Uszkoreit and Llion Jones and Aidan N. Gomez and Lukasz Kaiser and Illia Polosukhin},
      year={2017},
      eprint={1706.03762},
      archivePrefix={arXiv},
      primaryClass={cs.CL}
}

@online{transformer2022,
  title   = {面向改进的时空Transformer的交通流量预测模型},
  date    = {2021-03-14},
  author  = {高榕 and 万以亮 and 邵雄凯 and 吴歆韵},
  url     = {http://kns.cnki.net/kcms/detail/11.2127.TP.20220618.1141.008.html},
  urldate = {2023-04-12},
  langid  = {中文;}
}


@ARTICLE{9810964,
  author={Chen, Changlu and Liu, Yanbin and Chen, Ling and Zhang, Chengqi},
  journal={IEEE Transactions on Neural Networks and Learning Systems}, 
  title={Bidirectional Spatial-Temporal Adaptive Transformer for Urban Traffic Flow Forecasting}, 
  year={2022},
  volume={},
  number={},
  pages={1-13},
}

@article{YUAN2022855,
title = {Integrated optimization of train timetable, rolling stock assignment and short-turning strategy for a metro line},
journal = {European Journal of Operational Research},
volume = {301},
number = {3},
pages = {855-874},
year = {2022},
author = {Jiawei Yuan and Yuan Gao and Shukai Li and Pei Liu and Lixing Yang},
}

@article{ZHAO2020102700,
title = {Transportation infrastructure restoration optimization considering mobility and accessibility in resilience measures},
journal = {Transportation Research Part C: Emerging Technologies},
volume = {117},
pages = {102700},
year = {2020},
issn = {0968-090X},
author = {Tingting Zhao and Yu Zhang},
}

@mastersthesis{snu2012,
  author  = {王晓辉},
  title   = {城市公共交通设施选址方法研究},
  address = {沈阳},
  school  = {东北大学},
  year    = {2012}
}


@article{8782134,
  author={Mo, Pengli and Yang, Lixing and D’Ariano, Andrea and Yin, Jiateng and Yao, Yu and Gao, Ziyou},
  journal={IEEE Transactions on Intelligent Transportation Systems}, 
  title={Energy-Efficient Train Scheduling and Rolling Stock Circulation Planning in a Metro Line: A Linear Programming Approach}, 
  year={2020},
  volume={21},
  number={9},
  pages={3621-3633},  
}

@article{ZHANG2022108493,
  title = {Accelerating Benders decomposition for stochastic incomplete multimodal hub location problem in many-to-many transportation and distribution systems},
  journal = {International Journal of Production Economics},
  volume = {248},
  pages = {108493},
  year = {2022},
  author = {Haifeng Zhang and Kai Yang and Yuan Gao and Lixing Yang},
  }


@book{x2,
  title     = {LaTeX2e 及常用宏包使用指南},
  author    = {李平},
  date      = {2004},
  publisher = {{清华大学出版社}},
  location  = {{北京}},
  langid    = {中文;}
}

@book{x3,
  title     = {排版软件LaTeX 简明手册},
  author    = {罗振东 and 葛向阳},
  date      = {2003},
  edition   = {第二版},
  publisher = {{电子工业出版社}},
  location  = {{北京}},
  langid    = {中文;}
}

@book{x4,
  title     = {LaTeX 入门},
  author    = {刘海洋},
  date      = {2013},
  publisher = {{电子工业出版社}},
  location  = {{北京}},
  langid    = {中文;}
}

@online{x5,
  title   = {CTEX宏集手册},
  date    = {2021-03-14},
  author  = {{CTeX-org}},
  url     = {http://mirrors.ctan.org/language/chinese/ctex/ctex.pdf},
  urldate = {2021-06-05},
  langid  = {中文;}
}

@software{x6,
  title   = {CTeX-org/gbt7714-bibtex-style},
  author  = {{CTeX-org}},
  date    = {2021-05-08},
  url     = {https://github.com/CTeX-org/gbt7714-bibtex-style},
  urldate = {2021-06-05}
}

@online{geiNanJingXinXiGongChengDaXueLaTeXBiYeLunWenMoBanV31GengXinWuXuYiLaiCTeXRuanJian2021,
  title   = {{{南京信息工程大学LaTeX毕业论文模板V3}}.1更新 ({{无需依赖CTeX软件}}，修复了复制文字乱码的问题）},
  author  = {{給}},
  date    = {2021-05-14},
  url     = {https://latexstudio.net/index/details/index/mid/1524.html},
  urldate = {2021-06-13},
  langid  = {中文;}
}

@article{陈浩元2015GB,
  title   = {GB/T 7714新标准对旧标准的主要修改及实施要点提示},
  author  = {陈浩元},
  journal = {编辑学报},
  volume  = {27},
  number  = {4},
  pages   = {5},
  year    = {2015}
}

@article{name1,
author = {作者, 多个作者用 and 连接},
title = {标题},
journal = {期刊名},
volume = {卷20},
number = {页码},
year = {年份},
abstract = {摘要, 这个主要是引用的时候自己参考的, 这一行不是必须的}
}